<?xml version="1.0" encoding="UTF-8"?>
<OAI-PMH xmlns="http://www.openarchives.org/OAI/2.0/" xmlns:xsi="http://www.w3.org/2001/XMLSchema-instance" xsi:schemaLocation="http://www.openarchives.org/OAI/2.0/ http://www.openarchives.org/OAI/2.0/OAI-PMH.xsd">
  <ListRecords>
    <record>
      <header>
        <identifier>aleph-publish:022676312</identifier>
      </header>
      <metadata>
        <record xmlns="http://www.ddb.de/professionell/mabxml/mabxml-1.xsd">
          <leader>------M2.01200024------h</leader>
          <controlfield tag="LDR">------M2.01200024------h</controlfield>
          <controlfield tag="FMT">MH</controlfield>
          <datafield tag="001" ind1="-" ind2="1">
            <subfield code="a">HT019868557</subfield>
          </datafield>
          <datafield tag="002" ind1="a" ind2="1">
            <subfield code="a">20181113</subfield>
          </datafield>
          <datafield tag="026" ind1="-" ind2="1">
            <subfield code="a">HBZHT019868557</subfield>
          </datafield>
          <controlfield tag="030">a|zur||||||17</controlfield>
          <datafield tag="036" ind1="a" ind2="1">
            <subfield code="a">DE</subfield>
          </datafield>
          <datafield tag="037" ind1="b" ind2="1">
            <subfield code="a">ger</subfield>
          </datafield>
          <controlfield tag="050">a|||||||||||||</controlfield>
          <controlfield tag="051">at||||||</controlfield>
          <datafield tag="060" ind1="-" ind2="1">
            <subfield code="b">txt</subfield>
            <subfield code="a">Text</subfield>
          </datafield>
          <datafield tag="061" ind1="-" ind2="1">
            <subfield code="b">n</subfield>
            <subfield code="a">ohne Hilfsmittel zu benutzen</subfield>
          </datafield>
          <datafield tag="062" ind1="-" ind2="1">
            <subfield code="b">nc</subfield>
            <subfield code="a">Band</subfield>
          </datafield>
          <datafield tag="070" ind1="-" ind2="1">
            <subfield code="a">61</subfield>
          </datafield>
          <datafield tag="078" ind1="n" ind2="1">
            <subfield code="a">NWBib-61</subfield>
          </datafield>
          <datafield tag="080" ind1="-" ind2="1">
            <subfield code="a">60</subfield>
          </datafield>
          <datafield tag="100" ind1="-" ind2="1">
            <subfield code="p">Hiepel, Claudia</subfield>
            <subfield code="d">1967-</subfield>
            <subfield code="9">(DE-588)128710195</subfield>
          </datafield>
          <datafield tag="331" ind1="-" ind2="1">
            <subfield code="a">Euregionen am Rhein</subfield>
          </datafield>
          <datafield tag="335" ind1="-" ind2="1">
            <subfield code="a">zur "Relativierung" der Grenze durch grenzüberschreitende Zusammenarbeit</subfield>
          </datafield>
          <datafield tag="359" ind1="-" ind2="1">
            <subfield code="a">Claudia Hiepel</subfield>
          </datafield>
          <datafield tag="425" ind1="a" ind2="1">
            <subfield code="a">2018</subfield>
          </datafield>
          <datafield tag="590" ind1="-" ind2="1">
            <subfield code="a">&lt;&lt;Der&gt;&gt; Rhein</subfield>
          </datafield>
          <datafield tag="591" ind1="-" ind2="1">
            <subfield code="a">herausgegeben von/édité par Hélène Miard-Delacroix, Guido Thiemeyer</subfield>
          </datafield>
          <datafield tag="594" ind1="-" ind2="1">
            <subfield code="a">Stuttgart</subfield>
          </datafield>
          <datafield tag="595" ind1="-" ind2="1">
            <subfield code="a">2018</subfield>
          </datafield>
          <datafield tag="596" ind1="-" ind2="1">
            <subfield code="a">Seite 219-231</subfield>
          </datafield>
          <datafield tag="597" ind1="-" ind2="1">
            <subfield code="a">Schriftenreihe des deutsch-französischen Historikerkomitees ; Band 14</subfield>
          </datafield>
          <datafield tag="599" ind1="-" ind2="1">
            <subfield code="a">HT019807972</subfield>
          </datafield>
          <datafield tag="700" ind1="n" ind2="1">
            <subfield code="a">Geschichte</subfield>
            <subfield code="0">https://nwbib.de/subjects#N240000</subfield>
          </datafield>
          <datafield tag="902" ind1="-" ind2="1">
            <subfield code="s">Euregio</subfield>
            <subfield code="9">(DE-588)4549912-3</subfield>
          </datafield>
          <datafield tag="902" ind1="-" ind2="1">
            <subfield code="g">Rhein</subfield>
            <subfield code="9">(DE-588)4049739-2</subfield>
          </datafield>
          <datafield tag="902" ind1="-" ind2="1">
            <subfield code="s">Grenzüberschreitende Kooperation</subfield>
            <subfield code="9">(DE-588)4194363-6</subfield>
          </datafield>
          <datafield tag="902" ind1="-" ind2="1">
            <subfield code="z">Geschichte 1958-2016</subfield>
          </datafield>
          <controlfield tag="SYS">022676312</controlfield>
          <datafield tag="952" ind1="-" ind2="1">
            <subfield code="s">Europäische Region</subfield>
            <subfield code="x">Grenzüberschreitende Kooperation</subfield>
          </datafield>
          <datafield tag="952" ind1="-" ind2="1">
            <subfield code="s">Europaregion</subfield>
          </datafield>
          <datafield tag="952" ind1="-" ind2="1">
            <subfield code="s">Euroregion</subfield>
          </datafield>
          <datafield tag="952" ind1="-" ind2="1">
            <subfield code="s">Europa</subfield>
            <subfield code="x">Euregio</subfield>
          </datafield>
          <datafield tag="952" ind1="-" ind2="1">
            <subfield code="s">Grenzüberschreitende Zusammenarbeit</subfield>
          </datafield>
          <datafield tag="952" ind1="-" ind2="1">
            <subfield code="s">Grenzüberschreitende Beziehungen</subfield>
          </datafield>
        </record>
      </metadata>
    </record>
  </ListRecords>
</OAI-PMH>
